
@article{mccrae_introduction_1992,
	title = {An {Introduction} to the {Five}-{Factor} {Model} and {Its} {Applications}},
	volume = {60},
	issn = {0022-3506, 1467-6494},
	url = {http://doi.wiley.com/10.1111/j.1467-6494.1992.tb00970.x},
	doi = {10.1111/j.1467-6494.1992.tb00970.x},
	language = {en},
	number = {2},
	urldate = {2019-03-09},
	journal = {Journal of Personality},
	author = {McCrae, Robert R. and John, Oliver P.},
	month = jun,
	year = {1992},
	pages = {175--215}
}

@article{tett_personality_2006,
	title = {Personality {Measures} {As} {Predictors} of {Job} {Perforamnce}: {A} {Meta}-{Analytic} {Review}},
	volume = {44},
	issn = {00315826},
	url = {http://doi.wiley.com/10.1111/j.1744-6570.1991.tb00696.x},
	doi = {10.1111/j.1744-6570.1991.tb00696.x},
	language = {en},
	number = {4},
	urldate = {2019-03-09},
	journal = {Personnel Psychology},
	author = {Tett, Robert P. and Jackson, Douglas N. and Rothstein, Mitchell},
	month = dec,
	year = {2006},
	pages = {703--742},
	annote = {Personality significantly impacts job performance}
}

@article{ozer_personality_2006,
	title = {Personality and the {Prediction} of {Consequential} {Outcomes}},
	volume = {57},
	issn = {0066-4308, 1545-2085},
	url = {http://www.annualreviews.org/doi/10.1146/annurev.psych.57.102904.190127},
	doi = {10.1146/annurev.psych.57.102904.190127},
	language = {en},
	number = {1},
	urldate = {2019-03-09},
	journal = {Annual Review of Psychology},
	author = {Ozer, Daniel J. and Benet-Martínez, Verónica},
	month = jan,
	year = {2006},
	pages = {401--421},
	file = {Full Text:/Users/lisa/Zotero/storage/9VEH8V96/Ozer and Benet-Martínez - 2006 - Personality and the Prediction of Consequential Ou.pdf:application/pdf}
}

@article{kelly_personality_1987,
	title = {Personality and compatibility: {A} prospective analysis of marital stability and marital satisfaction.},
	volume = {52},
	issn = {1939-1315, 0022-3514},
	shorttitle = {Personality and compatibility},
	url = {http://doi.apa.org/getdoi.cfm?doi=10.1037/0022-3514.52.1.27},
	doi = {10.1037/0022-3514.52.1.27},
	language = {en},
	number = {1},
	urldate = {2019-03-09},
	journal = {Journal of Personality and Social Psychology},
	author = {Kelly, E. Lowell and Conley, James J.},
	year = {1987},
	pages = {27--40}
}

@article{pennebaker_linguistic_1999,
	title = {Linguistic styles: {Language} use as an individual difference.},
	volume = {77},
	issn = {0022-3514},
	shorttitle = {Linguistic styles},
	url = {http://doi.apa.org/getdoi.cfm?doi=10.1037/0022-3514.77.6.1296},
	doi = {10.1037//0022-3514.77.6.1296},
	language = {en},
	number = {6},
	urldate = {2019-03-09},
	journal = {Journal of Personality and Social Psychology},
	author = {Pennebaker, James W. and King, Laura A.},
	year = {1999},
	pages = {1296--1312},
	annote = {predicting personality based on linguistics}
}

@article{kosinski_private_2013,
	title = {Private traits and attributes are predictable from digital records of human behavior},
	volume = {110},
	issn = {0027-8424, 1091-6490},
	url = {http://www.pnas.org/cgi/doi/10.1073/pnas.1218772110},
	doi = {10.1073/pnas.1218772110},
	language = {en},
	number = {15},
	urldate = {2019-03-09},
	journal = {Proceedings of the National Academy of Sciences},
	author = {Kosinski, M. and Stillwell, D. and Graepel, T.},
	month = apr,
	year = {2013},
	pages = {5802--5805},
	file = {Full Text:/Users/lisa/Zotero/storage/YNR6H9KG/Kosinski et al. - 2013 - Private traits and attributes are predictable from.pdf:application/pdf}
}

@article{kosinski_manifestations_2014,
	title = {Manifestations of user personality in website choice and behaviour on online social networks},
	volume = {95},
	issn = {0885-6125, 1573-0565},
	url = {http://link.springer.com/10.1007/s10994-013-5415-y},
	doi = {10.1007/s10994-013-5415-y},
	language = {en},
	number = {3},
	urldate = {2019-03-09},
	journal = {Machine Learning},
	author = {Kosinski, Michal and Bachrach, Yoram and Kohli, Pushmeet and Stillwell, David and Graepel, Thore},
	month = jun,
	year = {2014},
	pages = {357--380},
	annote = {accuracy?},
	file = {Full Text:/Users/lisa/Zotero/storage/WR5ASRZH/Kosinski et al. - 2014 - Manifestations of user personality in website choi.pdf:application/pdf}
}

@article{youyou_computer-based_2015,
	title = {Computer-based personality judgments are more accurate than those made by humans},
	volume = {112},
	issn = {0027-8424, 1091-6490},
	url = {http://www.pnas.org/lookup/doi/10.1073/pnas.1418680112},
	doi = {10.1073/pnas.1418680112},
	language = {en},
	number = {4},
	urldate = {2019-03-09},
	journal = {Proceedings of the National Academy of Sciences},
	author = {Youyou, Wu and Kosinski, Michal and Stillwell, David},
	month = jan,
	year = {2015},
	pages = {1036--1040},
	annote = {accuracy?},
	file = {Full Text:/Users/lisa/Zotero/storage/VX5PDEAX/Youyou et al. - 2015 - Computer-based personality judgments are more accu.pdf:application/pdf}
}


@misc{stillwell_mypersonality_2018,
	title = {{myPersonality} project {Web} site},
	url = {http://mypersonality.org},
	urldate = {2019-03-09},
	author = {Stillwell, D. J. and Kosinski, M.},
	year = {2018}
}


@article{kosinski_facebook_2015,
	title = {Facebook as a research tool for the social sciences: {Opportunities}, challenges, ethical considerations, and practical guidelines.},
	volume = {70},
	issn = {1935-990X, 0003-066X},
	shorttitle = {Facebook as a research tool for the social sciences},
	url = {http://doi.apa.org/getdoi.cfm?doi=10.1037/a0039210},
	doi = {10.1037/a0039210},
	language = {en},
	number = {6},
	urldate = {2019-03-09},
	journal = {American Psychologist},
	author = {Kosinski, Michal and Matz, Sandra C. and Gosling, Samuel D. and Popov, Vesselin and Stillwell, David},
	month = sep,
	year = {2015},
	pages = {543--556}
}

@book{myers_mbti_1998,
	address = {Palo Alto, Calif},
	edition = {3rd ed},
	title = {{MBTI} manual: a guide to the development and use of the {Myers}-{Briggs} {Type} {Indicator}},
	isbn = {978-0-89106-130-4},
	shorttitle = {{MBTI} manual},
	publisher = {Consulting Psychologists Press},
	editor = {Myers, Isabel Briggs},
	year = {1998},
	keywords = {Myers-Briggs Type Indicator, Typology (Psychology)}
}

@incollection{jung_personality_2014,
	address = {Princeton},
	title = {Personality {Types}},
	volume = {6},
	isbn = {978-1-4008-5086-0 978-0-691-01813-3 978-1-306-40811-0},
	url = {http://public.eblib.com/choice/publicfullrecord.aspx?p=1573483},
	abstract = {One of the most important of Jung's longer works, and probably the most famous of his books, Psychological Types appeared in German in 1921 after a ""fallow period"" of eight years during which Jung had published little. He called it ""the fruit of nearly twenty years' work in the domain of practical psychology, "" and in his autobiography he wrote: ""This work sprang originally from my need to define the ways in which my outlook differed from Freud's and Adler's. In attempting to answer this question, I came across the problem of types; for it is one's psychological type which from t.},
	language = {English.},
	urldate = {2019-03-12},
	booktitle = {Collected {Works} of {C}.{G}. {Jung}},
	publisher = {Princeton University Press},
	author = {Jung, C. G and Adler, Gerhard and Hull, R. F. C},
	year = {2014},
	note = {OCLC: 870244314}
}

@article{mccrae_reinterpreting_1989,
	title = {Reinterpreting the {Myers}-{Briggs} {Type} {Indicator} {From} the {Perspective} of the {Five}-{Factor} {Model} of {Personality}},
	volume = {57},
	issn = {0022-3506, 1467-6494},
	url = {http://doi.wiley.com/10.1111/j.1467-6494.1989.tb00759.x},
	doi = {10.1111/j.1467-6494.1989.tb00759.x},
	language = {en},
	number = {1},
	urldate = {2019-03-11},
	journal = {Journal of Personality},
	author = {McCrae, Robert R. and Costa, Paul T.},
	month = mar,
	year = {1989},
	pages = {17--40}
}

@article{boyle_myers-briggs_1995,
	title = {Myers-{Briggs} {Type} {Indicator} ({MBTI}): {Some} {Psychometric} {Limitations}},
	volume = {30},
	issn = {00050067},
	shorttitle = {Myers-{Briggs} {Type} {Indicator} ({MBTI})},
	url = {http://doi.wiley.com/10.1111/j.1742-9544.1995.tb01750.x},
	doi = {10.1111/j.1742-9544.1995.tb01750.x},
	language = {en},
	number = {1},
	urldate = {2019-03-11},
	journal = {Australian Psychologist},
	author = {Boyle, Gregory J.},
	month = mar,
	year = {1995},
	pages = {71--74}
}


@inproceedings{plank_personality_2015,
	address = {Lisboa, Portugal},
	title = {Personality {Traits} on {Twitter} - or - {How} to {Get} 1,500 {Personality} {Tests} in a {Week}},
	url = {http://aclweb.org/anthology/W15-2913},
	doi = {10.18653/v1/W15-2913},
	language = {en},
	urldate = {2019-03-12},
	booktitle = {Proceedings of the 6th {Workshop} on {Computational} {Approaches} to {Subjectivity}, {Sentiment} and {Social} {Media} {Analysis}},
	publisher = {Association for Computational Linguistics},
	author = {Plank, Barbara and Hovy, Dirk},
	year = {2015},
	pages = {92--98},
	annote = {shows: the MBTI is very popular and makes data retrieval much easier},
	file = {Full Text:/Users/lisa/Zotero/storage/7NG7T5KY/Plank and Hovy - 2015 - Personality Traits on Twitter—or—How to Get 1,500 .pdf:application/pdf}
}


@inproceedings{gjurkovic_reddit:_2018,
	address = {New Orleans, Louisiana, USA},
	title = {Reddit: {A} {Gold} {Mine} for {Personality} {Prediction}},
	shorttitle = {Reddit},
	url = {http://aclweb.org/anthology/W18-1112},
	doi = {10.18653/v1/W18-1112},
	language = {en},
	urldate = {2019-03-11},
	booktitle = {Proceedings of the {Second} {Workshop} on {Computational} {Modeling} of           {People}’s {Opinions}, {Personality}, and {Emotions} in {Social} {Media}},
	publisher = {Association for Computational Linguistics},
	author = {Gjurkovi\'{c}, Matej and \v{S}najder, Jan},
	year = {2018},
	pages = {87--97}
}

@article{mairesse_using_2007,
	title = {Using {Linguistic} {Cues} for the {Automatic} {Recognition} of {Personality} in {Conversation} and {Text}},
	volume = {30},
	issn = {1076-9757},
	url = {https://jair.org/index.php/jair/article/view/10520},
	doi = {10.1613/jair.2349},
	urldate = {2019-03-11},
	journal = {Journal of Artificial Intelligence Research},
	author = {Mairesse, F. and Walker, M. A. and Mehl, M. R. and Moore, R. K.},
	month = nov,
	year = {2007},
	pages = {457--500},
	file = {Full Text:/Users/lisa/Zotero/storage/MRK59Q6A/Mairesse et al. - 2007 - Using Linguistic Cues for the Automatic Recognitio.pdf:application/pdf}
}

@article{oberlander_language_2006,
	title = {Language {With} {Character}: {A} {Stratified} {Corpus} {Comparison} of {Individual} {Differences} in {E}-{Mail} {Communication}},
	volume = {42},
	issn = {0163-853X, 1532-6950},
	shorttitle = {Language {With} {Character}},
	url = {http://www.tandfonline.com/doi/abs/10.1207/s15326950dp4203\_1},
	doi = {10.1207/s15326950dp4203\_1},
	language = {en},
	number = {3},
	urldate = {2019-03-12},
	journal = {Discourse Processes},
	author = {Oberlander, Jon and Gill, Alastair J.},
	month = nov,
	year = {2006},
	pages = {239--270},
	file = {Full Text:/Users/lisa/Zotero/storage/MMZ9M3EP/Oberlander and Gill - 2006 - Language With Character A Stratified Corpus Compa.pdf:application/pdf}
}

@inproceedings{quercia_our_2011,
	address = {Boston, MA, USA},
	title = {Our {Twitter} {Profiles}, {Our} {Selves}: {Predicting} {Personality} with {Twitter}},
	isbn = {978-1-4577-1931-8 978-0-7695-4578-3},
	shorttitle = {Our {Twitter} {Profiles}, {Our} {Selves}},
	url = {http://ieeexplore.ieee.org/document/6113111/},
	doi = {10.1109/PASSAT/SocialCom.2011.26},
	urldate = {2019-03-12},
	booktitle = {2011 {IEEE} {Third} {Int}'l {Conference} on {Privacy}, {Security}, {Risk} and {Trust} and 2011 {IEEE} {Third} {Int}'l {Conference} on {Social} {Computing}},
	publisher = {IEEE},
	author = {Quercia, Daniele and Kosinski, Michal and Stillwell, David and Crowcroft, Jon},
	month = oct,
	year = {2011},
	pages = {180--185}
}

@inproceedings{golbeck_predicting_2011,
	address = {Vancouver, BC, Canada},
	title = {Predicting personality with social media},
	isbn = {978-1-4503-0268-5},
	url = {http://portal.acm.org/citation.cfm?doid=1979742.1979614},
	doi = {10.1145/1979742.1979614},
	language = {en},
	urldate = {2019-03-12},
	booktitle = {Proceedings of the 2011 annual conference extended abstracts on {Human} factors in computing systems - {CHI} {EA} '11},
	publisher = {ACM Press},
	author = {Golbeck, Jennifer and Robles, Cristina and Turner, Karen},
	year = {2011},
	pages = {253}
}

@article{schwartz_personality_2013,
	title = {Personality, {Gender}, and {Age} in the {Language} of {Social} {Media}: {The} {Open}-{Vocabulary} {Approach}},
	volume = {8},
	issn = {1932-6203},
	shorttitle = {Personality, {Gender}, and {Age} in the {Language} of {Social} {Media}},
	url = {https://dx.plos.org/10.1371/journal.pone.0073791},
	doi = {10.1371/journal.pone.0073791},
	language = {en},
	number = {9},
	urldate = {2019-03-12},
	journal = {PLoS ONE},
	author = {Schwartz, H. Andrew and Eichstaedt, Johannes C. and Kern, Margaret L. and Dziurzynski, Lukasz and Ramones, Stephanie M. and Agrawal, Megha and Shah, Achal and Kosinski, Michal and Stillwell, David and Seligman, Martin E. P. and Ungar, Lyle H.},
	editor = {Preis, Tobias},
	month = sep,
	year = {2013},
	pages = {e73791}
}


@article{damerau_generating_1993,
	title = {Generating and evaluating domain-oriented multi-word terms from texts},
	volume = {29},
	issn = {03064573},
	url = {http://linkinghub.elsevier.com/retrieve/pii/030645739390039G},
	doi = {10.1016/0306-4573(93)90039-G},
	language = {en},
	number = {4},
	urldate = {2019-03-12},
	journal = {Information Processing \& Management},
	author = {Damerau, Fred J.},
	month = jul,
	year = {1993},
	pages = {433--447}
}

@incollection{carbonell_text_1998,
	location = {Berlin, Heidelberg},
	title = {Text categorization with Support Vector Machines: Learning with many relevant features},
	volume = {1398},
	isbn = {978-3-540-64417-0 978-3-540-69781-7},
	url = {http://link.springer.com/10.1007/BFb0026683},
	shorttitle = {Text categorization with Support Vector Machines},
	pages = {137--142},
	booktitle = {Machine Learning: {ECML}-98},
	publisher = {Springer Berlin Heidelberg},
	author = {Joachims, Thorsten},
	editor = {Nédellec, Claire and Rouveirol, Céline},
	editorb = {Carbonell, Jaime G. and Siekmann, Jörg and Goos, G. and Hartmanis, J. and van Leeuwen, J.},
	editorbtype = {redactor},
	urldate = {2019-03-13},
	date = {1998},
	doi = {10.1007/BFb0026683},
	file = {Full Text:/Users/lisa/Zotero/storage/K6PIY3NE/Joachims - 1998 - Text categorization with Support Vector Machines .pdf:application/pdf}
}

@article{blackwell_extraversion_2017,
	title = {Extraversion, neuroticism, attachment style and fear of missing out as predictors of social media use and addiction},
	volume = {116},
	issn = {01918869},
	url = {https://linkinghub.elsevier.com/retrieve/pii/S0191886917302891},
	doi = {10.1016/j.paid.2017.04.039},
	language = {en},
	urldate = {2019-03-15},
	journal = {Personality and Individual Differences},
	author = {Blackwell, David and Leaman, Carrie and Tramposch, Rose and Osborne, Ciera and Liss, Miriam},
	month = oct,
	year = {2017},
	pages = {69--72}
}

@article{seidman_self-presentation_2013,
	title = {Self-presentation and belonging on {Facebook}: {How} personality influences social media use and motivations},
	volume = {54},
	issn = {01918869},
	shorttitle = {Self-presentation and belonging on {Facebook}},
	url = {https://linkinghub.elsevier.com/retrieve/pii/S0191886912004916},
	doi = {10.1016/j.paid.2012.10.009},
	language = {en},
	number = {3},
	urldate = {2019-03-15},
	journal = {Personality and Individual Differences},
	author = {Seidman, Gwendolyn},
	month = feb,
	year = {2013},
	pages = {402--407}
}

@inproceedings{mohammad_emotions_2010,
	title = {Emotions {Evoked} by {Common} {Words} and {Phrases}: {Using} {Mechanical} {Turk} to {Create} an {Emotion} {Lexicon}},
	shorttitle = {Emotions {Evoked} by {Common} {Words} and {Phrases}},
	url = {http://aclweb.org/anthology/W10-0204},
	urldate = {2019-03-15},
	booktitle = {Proceedings of the {NAACL} {HLT} 2010 {Workshop} on {Computational} {Approaches} to {Analysis} and {Generation} of {Emotion} in {Text}},
	publisher = {Association for Computational Linguistics},
	author = {Mohammad, Saif and Turney, Peter},
	year = {2010},
	note = {event-place: Los Angeles, CA},
	pages = {26--34},
	file = {Full Text PDF:/Users/lisa/Zotero/storage/RCHDHKS9/Mohammad and Turney - 2010 - Emotions Evoked by Common Words and Phrases Using.pdf:application/pdf}
}

@article{goby_personality_2006,
	title = {Personality and {Online}/{Offline} {Choices}: {MBTI} {Profiles} and {Favored} {Communication} {Modes} in a {Singapore} {Study}},
	volume = {9},
	issn = {10949313},
	shorttitle = {Personality and {Online}/{Offline} {Choices}},
	doi = {10.1089/cpb.2006.9.5},
	abstract = {This study presents an initial investigation of the degree to which personality, as classified by the four dimensions of the Myers-Briggs Type Indicator (MBTI) affects an individual's choice of online or offline means for conducting social interactions. Results yield some evidence that personality affects choice of online or offline options, with an especially significant correlation between online/offline choices and the dimension of Extraversion and Introversion. Significant results are also seen for the Judging-Perception and Thinking-Feeling dimensions, but the Sensing-iNtuition dimension showed no correlation.},
	number = {1},
	urldate = {2019-03-15},
	journal = {CyberPsychology \& Behavior},
	author = {Goby, Valerie Priscilla},
	month = feb,
	year = {2006},
	keywords = {COMMUNICATION education, INTERACTIONAL view theory (Communication), ONLINE data processing, PERSONALITY development, SINGAPORE, SOCIAL interaction},
	pages = {5--13},
	file = {EBSCO Full Text:/Users/lisa/Zotero/storage/4R53CLN3/Goby - 2006 - Personality and OnlineOffline Choices MBTI Profi.pdf:application/pdf}
}


@article{krogerus_ich_2018,
	chapter = {International},
	title = {«{Ich} habe nur gezeigt, dass es die {Bombe} gibt»},
	issn = {1422-9994},
	url = {https://www.tagesanzeiger.ch/ausland/europa/diese-firma-weiss-was-sie-denken/story/17474918},
	abstract = {Psychologe Michal Kosinski weiss, wie man Menschen anhand ihres Facebook-Verhaltens analysiert.},
	language = {de},
	urldate = {2019-03-15},
	journal = {Tages-Anzeiger},
	author = {Krogerus, Hannes Grassegger und Mikael},
	month = mar,
	year = {2018},
	keywords = {Donald Trump},
	file = {Snapshot:/Users/lisa/Zotero/storage/QD34XKVD/17474918.html:text/html}
}
@article{fleming_telehealth_2009,
	title = {Telehealth {Ethics}},
	volume = {15},
	issn = {1530-5627, 1556-3669},
	url = {https://www.liebertpub.com/doi/10.1089/tmj.2009.0035},
	doi = {10.1089/tmj.2009.0035},
	language = {en},
	number = {8},
	urldate = {2019-03-08},
	journal = {Telemedicine and e-Health},
	author = {Fleming, David A. and Edison, Karen E. and Pak, Hon},
	month = oct,
	year = {2009},
	pages = {797--803}
}